@article{Lines_2014,
	doi = {10.1088/2041-8205/782/1/l11},
	url = {https://doi.org/10.1088/2041-8205/782/1/l11},
	year = 2014,
	month = {jan},
	publisher = {American Astronomical Society},
	volume = {782},
	number = {1},
	pages = {L11},
	author = {S. Lines and Z. M. Leinhardt and S. Paardekooper and C. Baruteau and P. Thebault},
	title = {{FORMING} {CIRCUMBINARY} {PLANETS}:
		                    N
		                    -{BODY} {SIMULATIONS} {OF} {KEPLER}-34},
	journal = {The Astrophysical Journal},
	
}



@article{ refId0,
	author = {{Matsumura, Soko} and {Brasser, Ramon} and {Ida, Shigeru}},
	title = {N-body simulations of planet formation via pebble accretion - I. First results},
	DOI= "10.1051/0004-6361/201731155",
	url= "https://doi.org/10.1051/0004-6361/201731155",
	journal = {A\&A},
	year = 2017,
	volume = 607,
	pages = "A67",
}



@article{1990MNRAS.245...30B,
       author = {{Beauge, C.} and {Aarseth, S.~J.}},
        title = "{N-body simulations of planetary formation}",
      journal = {\mnras},
     keywords = {Computerized Simulation, Many Body Problem, Planetary Evolution, Terrestrial Planets, Astronomical Models, Gravitational Effects, Protoplanets, Solar System, Astrophysics},
         year = 1990,
        month = jul,
       volume = {245},
        pages = {30-39},
       adsurl = {https://ui.adsabs.harvard.edu/abs/1990MNRAS.245...30B},
      adsnote = {Provided by the SAO/NASA Astrophysics Data System}
}

